<record><leader>00000cas a22000007a 4500</leader><controlfield tag="001">17007423</controlfield><controlfield tag="008">871120d18971911inudn ne      0    0eng d</controlfield><datafield ind1=" " ind2=" " tag="010"><subfield code="a">sn 87055262 </subfield></datafield><datafield ind1=" " ind2=" " tag="040"><subfield code="a">NPI</subfield><subfield code="b">eng</subfield><subfield code="c">NPI</subfield><subfield code="d">NVF</subfield><subfield code="d">OCLCQ</subfield></datafield><datafield ind1=" " ind2=" " tag="042"><subfield code="a">msc</subfield></datafield><datafield ind1="0" ind2="4" tag="245"><subfield code="a">The Attica daily ledger.</subfield></datafield><datafield ind1=" " ind2=" " tag="260"><subfield code="a">Attica, Ind. :</subfield><subfield code="b">Attica Ledger Print. Co.</subfield></datafield><datafield ind1=" " ind2=" " tag="310"><subfield code="a">Daily (except Sunday)</subfield></datafield><datafield ind1="1" ind2=" " tag="362"><subfield code="a">Began in Jan. 1897; ceased in Oct. 1911.</subfield></datafield><datafield ind1=" " ind2=" " tag="580"><subfield code="a">Weekly ed.: Attica ledger (Attica, Ind. : 1868), &lt;1904-1910&gt;.</subfield></datafield><datafield ind1=" " ind2=" " tag="588"><subfield code="a">Description based on: 6th year (July 1, 1901).</subfield></datafield><datafield ind1=" " ind2=" " tag="752"><subfield code="a">United States</subfield><subfield code="b">Indiana</subfield><subfield code="c">Fountain</subfield><subfield code="d">Attica.</subfield></datafield><datafield ind1="1" ind2=" " tag="775"><subfield code="t">Attica ledger (Attica, Ind. : 1868)</subfield><subfield code="w">(DLC)sn 84027100</subfield></datafield><datafield ind1="0" ind2="0" tag="780"><subfield code="t">Attica evening news</subfield></datafield></record>